<collection xmlns="http://www.loc.gov/MARC21/slim">
<record>
  <leader>01738ncm0a22003011i 450 </leader>
  <controlfield tag="001">IT\ICCU\CNCE\045967</controlfield>
  <controlfield tag="005">20160113000000.0</controlfield>
  <datafield tag="100" ind1=" " ind2=" ">
    <subfield code="a">19990113d1542        0itac0103    ba</subfield>
  </datafield>
  <datafield tag="101" ind1=" " ind2=" ">
    <subfield code="a">LAT</subfield>
  </datafield>
  <datafield tag="102" ind1=" " ind2=" ">
    <subfield code="a">IT</subfield>
  </datafield>
  <datafield tag="200" ind1="1" ind2=" ">
    <subfield code="a">℗Adriani Willaert musicorum omnium qui hactenus et nostro, et maiorum evo floruerint, longe, ac sine controversia principis celeberrimi, et in presenti illustrissimae reipublicae Venetiarum in ede divi Marci capelle rectorisque eminentissimi, ℗Musicorum, sex vocum, que vulgo motecta dicuntur ... Liber primus</subfield>
  </datafield>
  <datafield tag="210" ind1=" " ind2=" ">
    <subfield code="a">Venezia</subfield>
    <subfield code="c">Antonio Gardane</subfield>
    <subfield code="d">1542</subfield>
  </datafield>
  <datafield tag="215" ind1=" " ind2=" ">
    <subfield code="a">6 fasc.</subfield>
    <subfield code="d">4ʻ obl</subfield>
  </datafield>
  <datafield tag="300" ind1=" " ind2=" ">
    <subfield code="a">S, A, T, B, 5, 6</subfield>
  </datafield>
  <datafield tag="620" ind1=" " ind2=" ">
    <subfield code="a">IT</subfield>
    <subfield code="d">Venezia</subfield>
  </datafield>
  <datafield tag="700" ind1=" " ind2="1">
    <subfield code="a">Willaert,</subfield>
    <subfield code="b">Adrian</subfield>
    <subfield code="3">IT\ICCU\CNCA\011600</subfield>
  </datafield>
  <datafield tag="712" ind1="0" ind2="0">
    <subfield code="a">Gardane, Antonio</subfield>
    <subfield code="3">IT\ICCU\CNCT\000315</subfield>
    <subfield code="4">650</subfield>
  </datafield>
  <datafield tag="790" ind1=" " ind2="1">
    <subfield code="a">Villaert,</subfield>
    <subfield code="b">Adrian</subfield>
    <subfield code="3">IT\ICCU\CNCA\025217</subfield>
    <subfield code="z">Willaert, Adrian</subfield>
  </datafield>
  <datafield tag="790" ind1=" " ind2="1">
    <subfield code="a">Villahert,</subfield>
    <subfield code="b">Adriaan</subfield>
    <subfield code="3">IT\ICCU\CNCA\025218</subfield>
    <subfield code="z">Willaert, Adrian</subfield>
  </datafield>
  <datafield tag="790" ind1=" " ind2="1">
    <subfield code="a">Vuillaert,</subfield>
    <subfield code="b">Adriaan</subfield>
    <subfield code="3">IT\ICCU\CNCA\025219</subfield>
    <subfield code="z">Willaert, Adrian</subfield>
  </datafield>
  <datafield tag="790" ind1=" " ind2="1">
    <subfield code="a">Vuigliardo,</subfield>
    <subfield code="b">Adriaan</subfield>
    <subfield code="3">IT\ICCU\CNCA\025220</subfield>
    <subfield code="z">Willaert, Adrian</subfield>
  </datafield>
  <datafield tag="791" ind1="0" ind2="0">
    <subfield code="a">Gardano, Antonio</subfield>
    <subfield code="3">IT\ICCU\CNCT\004837</subfield>
    <subfield code="z">Gardane, Antonio</subfield>
  </datafield>
  <datafield tag="791" ind1="0" ind2="0">
    <subfield code="a">Gardanus, Antonius</subfield>
    <subfield code="3">IT\ICCU\CNCT\004839</subfield>
    <subfield code="z">Gardane, Antonio</subfield>
  </datafield>
  <datafield tag="801" ind1=" " ind2="3">
    <subfield code="a">IT</subfield>
    <subfield code="b">ICCU</subfield>
    <subfield code="c">20201114</subfield>
  </datafield>
  <datafield tag="899" ind1=" " ind2=" ">
    <subfield code="a">Museo Internazionale e Biblioteca della Musica. Bologna</subfield>
    <subfield code="z">(5)</subfield>
    <subfield code="1">BO0310</subfield>
    <subfield code="2">UBO BM</subfield>
  </datafield>
  <datafield tag="899" ind1=" " ind2=" ">
    <subfield code="a">Biblioteca dell&apos;Accademia filarmonica di Verona. Verona</subfield>
    <subfield code="z">(A,T,B,6)</subfield>
    <subfield code="1">VR0070</subfield>
    <subfield code="2">ZVR 03</subfield>
  </datafield>
  <datafield tag="911" ind1=" " ind2=" ">
    <subfield code="a">Sul front.</subfield>
    <subfield code="9">IT\ICCU\CNCM\000086</subfield>
  </datafield>
  <datafield tag="921" ind1=" " ind2=" ">
    <subfield code="a">IT\ICCU\CNCM\000086</subfield>
    <subfield code="b">Leone ed orso rampanti sorreggono una rosa con al centro un giglio. Ai lati del fiore le iniziali: A.G.</subfield>
    <subfield code="e">Concordes virtute et naturae miraculis</subfield>
    <subfield code="c">V355</subfield>
    <subfield code="c">Z801</subfield>
    <subfield code="d">Dimensioni : 11 x 10</subfield>
    <subfield code="f">AG</subfield>
    <subfield code="f">GIGLIO</subfield>
    <subfield code="f">LEONE</subfield>
    <subfield code="f">ORSO</subfield>
    <subfield code="f">ROSA</subfield>
    <subfield code="g">1539-1576</subfield>
  </datafield>
</record>
</collection>
